 @misc{sparta22,
  DATE_ADDED =   {Mon Nov 20 09:59:24 2023},
  author =       {Breanne Sparta and Timothy Hamilton and Serena
                  Hughes and Gunalan Natesan and Eric J. Deeds},
  doi =          {10.1101/2022.06.03.494765},
  title =        {A lack of distinct cell identities in single-cell
                  measurements: revisiting Waddington's landscape},
  url =          {http://dx.doi.org/10.1101/2022.06.03.494765},
  year =         2022,
}

@article{yu22_bench_clust_algor_estim_number,
  author =       {Lijia Yu and Yue Cao and Jean Y. H. Yang and Pengyi
                  Yang},
  title =        {Benchmarking Clustering Algorithms on Estimating the
                  Number of Cell Types From Single-Cell Rna-Sequencing
                  Data},
  journal =      {Genome Biology},
  volume =       23,
  number =       1,
  pages =        49,
  year =         2022,
  doi =          {10.1186/s13059-022-02622-0},
  url =          {http://dx.doi.org/10.1186/s13059-022-02622-0},
  DATE_ADDED =   {Wed Nov 29 23:55:17 2023},
}

